@incollection{Dragsted2008,
address = {Copenhagen},
author = {Dragsted, Barbara and Hansen, Inge Gorm},
booktitle = {Looking at Eyes. Eye-Tracking Studies of Reading and Translation Processing},
editor = {G{\"{o}}pferich, Susanne and Jakobsen, Arnt L. and Mees, Inger M.},
file = {:C$\backslash$:/Users/mjs/Dropbox/Documents/Mendeley Desktop/Dragsted, Hansen - 2008 - Comprehension and Production in Translation A Pilot Study on Segmentation and the Coordination of Reading and.pdf:pdf},
pages = {1--21},
publisher = {Samfundslitteratur},
series = {Copenhagen Studies in Language},
title = {{Comprehension and Production in Translation: A Pilot Study on Segmentation and the Coordination of Reading and Writing Processes.}},
volume = {36},
year = {2008}
}
